@online{wiki:bost_b,
    author    = {Wikipedia},
    title     = {Boston (band)},
    url       = {https://en.wikipedia.org/wiki/Boston_(band)},
    urldate   = {2021-03-05},
}

@online{wiki:bost_a,
    author    = {Wikipedia},
    title     = {Boston (album)},
    url       = {https://en.wikipedia.org/wiki/Boston_(album)},
    urldate   = {2021-06-07},
}

@online{yt:beato_mtf,
    author    = {Rick Beato},
    title     = {What Makes This Song Great? Ep.71 BOSTON (\#2)},
    url       = {https://www.youtube.com/watch?v=ynFNt4tgBJ0},
    date      = {2019-07-11},
    urldate   = {2021-03-08},
}

@online{yt:beato_har,
    author    = {Rick Beato},
    title     = {What Makes This Song Great? Ep.17 BOSTON},
    url       = {https://www.youtube.com/watch?v=mrJ0xnXv_IQ},
    date      = {2018-03-23},
    urldate   = {2021-03-12},
}

@online{yt:por_history,
    author    = {Professor of Rock},
    title     = {BOSTON: Tom Scholz / Brad Delp “More Than A Feeling” Story | #1 In Our Hearts | Professor of Rock},
    url       = {https://www.youtube.com/watch?v=WoSPd3_T-f4},
    date      = {2020-09-24},
    urldate   = {2021-03-12},
}

@online{yt:ktva_vocals_analysis,
    author    = {Ken Tamplin Vocal Academy},
    title     = {Boston - More Than A Feeling - Brad Delp - Isolated Vocals - Analysis and Tutorial - Recording Tips},
    url       = {https://www.youtube.com/watch?v=EnJSCkiMZYk},
    date      = {2020-12-17},
    urldate   = {2021-03-12},
}

@online{yt:interview_1,
    author    = {todo},
    title     = {todo},
    url       = {https://www.youtube.com/watch?v=mrEzoa9-I8g},
}

@online{yt:interview_2,
    author    = {todo},
    title     = {todo},
    url       = {https://www.youtube.com/watch?v=R1c0Bx_StvE},
}

@online{yt:FP-isolated_bass,
    author    = {Play Bass Line},
    title     = {Foreplay - Long Time - Isolated Bass},
    date      = {2018-12-20},
    url       = {https://www.youtube.com/watch?v=TUtJyBuElrI}
}

@online{yt:FP-isolated_drums,
    author    = {Zebaahx},
    title     = {Boston - Foreplay/Long Time (Drums Only)},
    date      = {2018-01-18},
    url       = {https://www.youtube.com/watch?v=qT6Dk-_Slzw}
}

@online{res:mit-drum-chart,
    author    = {merolish (uncertain)},
    title     = {Guide to Drum and Percussion Notation},
    url       = {http://web.mit.edu/merolish/Public/drums.pdf}
}

@online{site:thirdstage_sheehan,
    author    = {thirdstage.ca},
    title     = {Fran Sheehan},
    date      = {2007-04-29},
    url       = {http://www.thirdstage.ca/boston/biographies/former-members/71-fran-sheehan}
}