% WIKIPEDIA
% https://irl.github.io/bibwiki/
@misc{wiki:Pink_Floyd,
   author = "Wikipedia",
   title = "{Pink Floyd} --- {W}ikipedia{,} The Free Encyclopedia",
   year = "2023",
   howpublished = {\url{http://en.wikipedia.org/w/index.php?title=Pink\%20Floyd&oldid=1183757027}},
   note = "[Online; accessed 07-November-2023]"
 }

@book{mason2017inside,
  title={Inside Out: A Personal History of Pink Floyd (Reading Edition): (Rock and Roll Book, Biography of Pink Floyd, Music Book)},
  author={Mason, N. and Dodd, P.},
  isbn={9781452166100},
  lccn={2017040772},
  url={https://books.google.it/books?id=u6NMMQAACAAJ},
  year={2017},
  publisher={Chronicle Books}
}

@online{azimuth2004gear,
    author    = {aZiMuTh},
    title     = {Richard Wright - Pink Floyd keyboard \textrm{\&} synthesizer equipment},
    month     = "March",
    year      = "2004",
    url       = {http://sparebricks.fika.org/sbzine28/WrightGear-rev156.pdf},
    urldate   = {2023-10-31},
}

@online{pinkfloyd2022animalsdocumentary,
    author    = {Pink Floyd},
    title     = {Pink Floyd - Animals 2018 Remix Documentary (Full Length)},
    publisher = "YouTube",
    month     = "October",
    year      = "2022",
    url       = {https://www.youtube.com/watch?v=RbCOT8_ru4Y},
    urldate   = {2023-10-31},
}

@book{schaffner1992saucerful,
  title={Saucerful of Secrets: The Pink Floyd Odyssey},
  author={Schaffner, N.},
  isbn={9780385306843},
  series={A Delta book},
  url={https://books.google.it/books?id=xfqremepxrkC},
  year={1992},
  publisher={Dell}
}
@book{benward2014music,
  title={Music in Theory and Practice Volume 2},
  author={Benward, B. and Saker, M.},
  isbn={9780077493325},
  lccn={2013042060},
  url={https://books.google.it/books?id=Nz2vnAEACAAJ},
  year={2014},
  publisher={McGraw-Hill Education}
}
@book{brachi2008armonia,
  title={Armonia musicale moderna},
  author={Brachi, Valerio},
  isbn={979-0215107359},
  series={Lizard S.S.M.},
  url={https://books.google.it/books?id=Nz2vnAEACAAJ},
  year={2008},
  publisher={Ricordi}
}

@online{easlea2022raving,
  author       = {Daryl Easlea},
  title        = {Raving and drooling: how Pink Floyd made Animals},
  year         = {2024},
  url          = {https://www.loudersound.com/features/raving-and-drooling-how-pink-floyd-made-animals},
  urldate      = {2024-12-07},
  note         = {Accessed on December 7, 2024}
}